@article{dfl,
  title={DeepFaceLab: Integrated, flexible and extensible face-swapping framework},
  author={Perov, Ivan and Gao, Daiheng and Chervoniy, Nikolay and Liu, Kunlin and Marangonda, Sugasa and Um{\'e}, Chris and Dpfks, Mr and Facenheim, Carl Shift and RP, Luis and Jiang, Jian and others},
  journal={arXiv preprint arXiv:2005.05535},
  year={2020}
}

@article{AICI,
  title={Artificial intelligence in the creative industries: a review},
  author={Anantrasirichai, Nantheera and Bull, David},
  journal={Artificial Intelligence Review},
  pages={1--68},
  year={2021},
  publisher={Springer}
}

@article{UGAN,
  title={Using GANs to synthesise minimum training data for deepfake generation},
  author={Singh, Simranjeet and Sharma, Rajneesh and Smeaton, Alan F},
  journal={arXiv preprint arXiv:2011.05421},
  year={2020}
}

@article{DPG,
  title={Deep Person Generation: A Survey from the Perspective of Face, Pose and Cloth Synthesis},
  author={Sha, Tong and Zhang, Wei and Shen, Tong and Li, Zhoujun and Mei, Tao},
  journal={arXiv preprint arXiv:2109.02081},
  year={2021}
}

@inproceedings{saito2017photorealistic,
  title={Photorealistic facial texture inference using deep neural networks},
  author={Saito, Shunsuke and Wei, Lingyu and Hu, Liwen and Nagano, Koki and Li, Hao},
  booktitle={Proceedings of the IEEE conference on computer vision and pattern recognition},
  pages={5144--5153},
  year={2017}
}

@inproceedings{lassner2017generative,
  title={A generative model of people in clothing},
  author={Lassner, Christoph and Pons-Moll, Gerard and Gehler, Peter V},
  booktitle={Proceedings of the IEEE International Conference on Computer Vision},
  pages={853--862},
  year={2017}
}

@article{3dmorphable,
  title={3d morphable face modelsâ€”past, present, and future},
  author={Egger, Bernhard and Smith, William AP and Tewari, Ayush and Wuhrer, Stefanie and Zollhoefer, Michael and Beeler, Thabo and Bernard, Florian and Bolkart, Timo and Kortylewski, Adam and Romdhani, Sami and others},
  journal={ACM Transactions on Graphics (TOG)},
  volume={39},
  number={5},
  pages={1--38},
  year={2020},
  publisher={ACM New York, NY, USA}
}

@inproceedings{lattas2020avatarme,
  title={AvatarMe: Realistically Renderable 3D Facial Reconstruction" in-the-wild"},
  author={Lattas, Alexandros and Moschoglou, Stylianos and Gecer, Baris and Ploumpis, Stylianos and Triantafyllou, Vasileios and Ghosh, Abhijeet and Zafeiriou, Stefanos},
  booktitle={Proceedings of the IEEE/CVF conference on computer vision and pattern recognition},
  pages={760--769},
  year={2020}
}

@inproceedings{stylegan2,
  title={Analyzing and improving the image quality of stylegan},
  author={Karras, Tero and Laine, Samuli and Aittala, Miika and Hellsten, Janne and Lehtinen, Jaakko and Aila, Timo},
  booktitle={Proceedings of the IEEE/CVF conference on computer vision and pattern recognition},
  pages={8110--8119},
  year={2020}
}

@inproceedings{3dfr,
  title={Accurate 3d face reconstruction with weakly-supervised learning: From single image to image set},
  author={Deng, Yu and Yang, Jiaolong and Xu, Sicheng and Chen, Dong and Jia, Yunde and Tong, Xin},
  booktitle={Proceedings of the IEEE/CVF Conference on Computer Vision and Pattern Recognition Workshops},
  pages={0--0},
  year={2019}
}

